@article{Griewank1992,
  title={Achieving logarithmic growth of temporal and spatial complexity in reverse automatic differentiation},
  author={Griewank, Andreas},
  journal={Optimization Methods and software},
  volume={1},
  number={1},
  pages={35--54},
  year={1992},
  publisher={Taylor \& Francis},
  url={https://www.tandfonline.com/doi/abs/10.1080/10556789208805505}
}

@inproceedings{Chen2018,
 author = {Chen, Ricky T. Q. and Rubanova, Yulia and Bettencourt, Jesse and Duvenaud, David K},
 booktitle = {Advances in Neural Information Processing Systems},
 pages = {},
 publisher = {Curran Associates, Inc.},
 title = {Neural Ordinary Differential Equations},
 url = {https://proceedings.neurips.cc/paper/2018/file/69386f6bb1dfed68692a24c8686939b9-Paper.pdf},
 volume = {31},
 year = {2018}
}

@article{Plessix2006,
    author = {Plessix, R.-E.},
    title = "{A review of the adjoint-state method for computing the gradient of a functional with geophysical applications}",
    journal = {Geophysical Journal International},
    volume = {167},
    number = {2},
    pages = {495-503},
    year = {2006},
    month = {11},
    issn = {0956-540X},
    doi = {10.1111/j.1365-246X.2006.02978.x},
    url = {https://doi.org/10.1111/j.1365-246X.2006.02978.x},
    eprint = {https://academic.oup.com/gji/article-pdf/167/2/495/1492368/167-2-495.pdf},
}
@misc{TreeverseAlgorithm,
  title = {{TreeverseAlgorithm.jl}},
  howpublished = {\url{https://github.com/GiggleLiu/TreeverseAlgorithm.jl}}
}